% !TEX root = 0_main/00_main.tex

@book{tainter1990,
  title={The collapse of complex societies},
  author={Tainter, Joseph},
  year={1990},
  publisher={Cambridge university press}
}
